<record xmlns="http://www.loc.gov/MARC21/slim" xmlns:xsi="http://www.w3.org/2001/XMLSchema-instance" xsi:schemaLocation="http://www.loc.gov/MARC21/slim http://www.loc.gov/standards/marcxml/schema/MARC21slim.xsd"><leader>     nam a22        4500</leader><controlfield tag="001">1789534</controlfield><controlfield tag="003">NIC</controlfield><controlfield tag="006">m        d        </controlfield><controlfield tag="007">cr cn |||m|||a</controlfield><controlfield tag="008">150323r19801979ir      ob    000 0 arar </controlfield><datafield ind1=" " ind2=" " tag="040"><subfield code="a">NNU</subfield><subfield code="b">eng</subfield><subfield code="e">rda</subfield><subfield code="c">NNU</subfield></datafield><datafield ind1="0" ind2="0" tag="050"><subfield code="a">BP193.5</subfield><subfield code="b">.H27 1980</subfield></datafield><datafield ind1="1" ind2=" " tag="100"><subfield code="6">880-01</subfield><subfield code="a">H&#803;aki&#772;mi&#772;, Muh&#803;ammad Riz&#804;a&#772;,</subfield><subfield code="d">1935 or 1936-</subfield></datafield><datafield ind1="1" ind2="3" tag="245"><subfield code="6">880-02</subfield><subfield code="a">al-H&#803;aya&#772;h :</subfield><subfield code="b">mawsu&#772;&#699;ah Isla&#772;mi&#772;yah &#699;ilmi&#772;yah mawd&#803;u&#772;&#699;i&#772;yah tukhat&#803;t&#803;it&#803;u mana&#772;hij al-h&#803;aya&#772;h al-h&#803;urrah al-s&#803;a&#772;&#699;idah lil-fard wa-al-mujtama&#699; wa-tad&#699;u&#772; ila&#769; da&#699;m niz&#803;a&#772;m insa&#772;ni&#772; s&#803;a&#772;lih&#803; fi&#772; jami&#772;&#699; a&#772;fa&#772;q al-ard&#803; /</subfield><subfield code="c">wad&#803;&#699; wa-tadwi&#772;n Muh&#803;ammad Rid&#803;a&#772; al-H&#803;aki&#772;mi&#772;, Muh&#803;ammad al-H&#803;aki&#772;mi&#772;, &#699;Ali&#772; al-H&#803;aki&#772;mi&#772;.</subfield></datafield><datafield ind1=" " ind2=" " tag="260"><subfield code="6">880-03</subfield><subfield code="a">Tihra&#772;n :</subfield><subfield code="b">Da&#772;&#700;irat al-T&#803;iba&#772;&#699;ah wa-al-Nashr,</subfield><subfield code="c">1401-1410 [1980-1989 or 1990]</subfield></datafield><datafield ind1=" " ind2=" " tag="300"><subfield code="a">online resource (volumes &lt;1, 3-6&gt;)</subfield></datafield><datafield ind1=" " ind2=" " tag="336"><subfield code="a">text</subfield><subfield code="2">rdacontent</subfield></datafield><datafield ind1=" " ind2=" " tag="337"><subfield code="a">computer</subfield><subfield code="2">rdamedia</subfield></datafield><datafield ind1=" " ind2=" " tag="338"><subfield code="a">online resource</subfield><subfield code="2">rdacarrier</subfield></datafield><datafield ind1=" " ind2=" " tag="500"><subfield code="a">Title on added t.p.: al-H&#803;aya&#772;t = Life.</subfield></datafield><datafield ind1=" " ind2=" " tag="500"><subfield code="a">Vols. &lt;3-6&gt;: al-T&#803;ab&#699;ah 1.</subfield></datafield><datafield ind1=" " ind2=" " tag="500"><subfield code="a">Vols. &lt;3-6&gt; published by Maktab Nashr al-Thaqa&#772;fah al-Isla&#772;mi&#772;yah.</subfield></datafield><datafield ind1=" " ind2=" " tag="500"><subfield code="a">Part of the Arabic Collections Online (ACO) project, contributed by Cornell University Libraries.</subfield></datafield><datafield ind1=" " ind2=" " tag="504"><subfield code="a">Includes bibliographical references.</subfield></datafield><datafield ind1=" " ind2=" " tag="533"><subfield code="a">Electronic reproduction.</subfield><subfield code="b">New York, N.Y. :</subfield><subfield code="c">New York University,</subfield><subfield code="d">2015.</subfield><subfield code="5">NNU</subfield></datafield><datafield ind1=" " ind2="0" tag="650"><subfield code="a">Religious life</subfield><subfield code="x">Shi&#772;&#699;ah.</subfield></datafield><datafield ind1=" " ind2="0" tag="650"><subfield code="a">Shi&#772;&#699;ah</subfield><subfield code="x">Doctrines.</subfield></datafield><datafield ind1=" " ind2="7" tag="650"><subfield code="a">Religious life</subfield><subfield code="x">Shi&#772;&#699;ah.</subfield><subfield code="2">fast</subfield><subfield code="0">(OCoLC)fst01094133</subfield></datafield><datafield ind1=" " ind2="7" tag="650"><subfield code="a">Shi&#772;&#699;ah</subfield><subfield code="x">Doctrines.</subfield><subfield code="2">fast</subfield><subfield code="0">(OCoLC)fst01117948</subfield></datafield><datafield ind1="1" ind2=" " tag="700"><subfield code="6">880-04</subfield><subfield code="a">H&#803;aki&#772;mi&#772;, Muh&#803;ammad.</subfield></datafield><datafield ind1="1" ind2=" " tag="700"><subfield code="6">880-05</subfield><subfield code="a">H&#803;aki&#772;mi&#772;, &#699;Ali&#772;.</subfield></datafield><datafield ind1="2" ind2=" " tag="710"><subfield code="a">Cornell University.</subfield><subfield code="b">Libraries.</subfield></datafield><datafield ind1="0" ind2=" " tag="730"><subfield code="a">Arabic Collections Online.</subfield></datafield><datafield ind1="0" ind2=" " tag="740"><subfield code="6">880-06</subfield><subfield code="a">H&#803;aya&#772;t.</subfield></datafield><datafield ind1="0" ind2=" " tag="740"><subfield code="a">Life.</subfield></datafield><datafield ind1="0" ind2="8" tag="776"><subfield code="i">Online version:</subfield><subfield code="a">H&#803;aki&#772;mi&#772;, Muh&#803;ammad Riz&#804;a&#772;, 1935 or 6-</subfield><subfield code="t">H&#803;aya&#772;h.</subfield><subfield code="d">Tihra&#772;n : Da&#772;&#700;irat al-T&#803;iba&#772;&#699;ah wa-al-Nashr, 1401-1410 [1980-1989 or 1990]</subfield><subfield code="w">(OCoLC)760066653</subfield></datafield><datafield ind1="0" ind2="8" tag="776"><subfield code="i">Print version:</subfield><subfield code="a">H&#803;aki&#772;mi&#772;, Muh&#803;ammad Riz&#804;a&#772;, 1935 or 1936-</subfield><subfield code="t">al-H&#803;aya&#772;h</subfield><subfield code="w">(NIC)1789534</subfield><subfield code="w">(DLC)   85930368 </subfield><subfield code="w">(OCoLC)19125832</subfield></datafield><datafield ind1="4" ind2="0" tag="856"><subfield code="u">http://hdl.handle.net/2333.1/2v6wws7x</subfield></datafield><datafield ind1="1" ind2=" " tag="880"><subfield code="6">100-01/r</subfield><subfield code="a">&#1581;&#1705;&#1609;&#1605;&#1609;&#1548; &#1605;&#1581;&#1605;&#1583; &#1585;&#1590;&#1575;&#1548;</subfield><subfield code="d">1935 or 1936-</subfield></datafield><datafield ind1="1" ind2="2" tag="880"><subfield code="6">245-02/r</subfield><subfield code="a">&#1575;&#1604;&#1581;&#1610;&#1575;&#1607; :</subfield><subfield code="b">&#1605;&#1608;&#1587;&#1608;&#1593;&#1577; &#1575;&#1587;&#1604;&#1575;&#1605;&#1610;&#1577; &#1593;&#1604;&#1605;&#1610;&#1577; &#1605;&#1608;&#1590;&#1608;&#1593;&#1610;&#1577; &#1578;&#1582;&#1591;&#1591; &#1605;&#1606;&#1575;&#1607;&#1580; &#1575;&#1604;&#1581;&#1610;&#1575;&#1607; &#1575;&#1604;&#1581;&#1585;&#1577; &#1575;&#1604;&#1589;&#1575;&#1593;&#1583;&#1577; &#1604;&#1604;&#1601;&#1585;&#1583; &#1608;&#1575;&#1604;&#1605;&#1580;&#1578;&#1605;&#1593; &#1608;&#1578;&#1583;&#1593;&#1608;&#1575; &#1575;&#1604;&#1609; &#1583;&#1593;&#1605; &#1606;&#1592;&#1575;&#1605; &#1575;&#1606;&#1587;&#1575;&#1606;&#1610; &#1589;&#1575;&#1604;&#1581; &#1601;&#1610; &#1580;&#1605;&#1610;&#1593; &#1570;&#1601;&#1575;&#1602; &#1575;&#1604;&#1575;&#1585;&#1590; /</subfield><subfield code="c">&#1608;&#1590;&#1593; &#1608;&#1578;&#1583;&#1608;&#1610;&#1606; &#1605;&#1581;&#1605;&#1583; &#1585;&#1590;&#1575; &#1575;&#1604;&#1581;&#1603;&#1610;&#1605;&#1610;&#1548; &#1605;&#1581;&#1605;&#1583; &#1575;&#1604;&#1581;&#1603;&#1610;&#1605;&#1610;&#1548; &#1593;&#1604;&#1610; &#1575;&#1604;&#1581;&#1603;&#1610;&#1605;&#1610;.</subfield></datafield><datafield ind1=" " ind2=" " tag="880"><subfield code="6">260-03/r</subfield><subfield code="a">&#1591;&#1607;&#1585;&#1575;&#1606; :</subfield><subfield code="b">&#1583;&#1575;&#1574;&#1585;&#1577; &#1575;&#1604;&#1591;&#1576;&#1575;&#1593;&#1577; &#1608;&#1575;&#1604;&#1606;&#1588;&#1585;&#1548; 1401-1410 [1980-1989 or 1990]</subfield></datafield><datafield ind1="1" ind2=" " tag="880"><subfield code="6">700-04/r</subfield><subfield code="a">&#1581;&#1603;&#1610;&#1605;&#1610;&#1548; &#1605;&#1581;&#1605;&#1583;.</subfield></datafield><datafield ind1="1" ind2=" " tag="880"><subfield code="6">700-05/r</subfield><subfield code="a">&#1581;&#1603;&#1610;&#1605;&#1610;&#1548; &#1593;&#1604;&#1610;.</subfield></datafield><datafield ind1="0" ind2=" " tag="880"><subfield code="6">740-06/r</subfield><subfield code="a">&#1581;&#1610;&#1575;&#1578;.</subfield></datafield><datafield ind1=" " ind2=" " tag="959"><subfield code="a">NNU</subfield><subfield code="b">WEB</subfield><subfield code="c">GENI</subfield><subfield code="t">0</subfield><subfield code="m">Electronic access</subfield><subfield code="s">01</subfield></datafield><datafield ind1=" " ind2=" " tag="999"><subfield code="i">NIC_1789534</subfield><subfield code="o">(OCoLC)ocm19125832</subfield><subfield code="s">cornell_aco000314:juz1</subfield><subfield code="s">cornell_aco000315:juz2</subfield><subfield code="s">cornell_aco000316:juz3</subfield><subfield code="s">cornell_aco000317:juz4</subfield><subfield code="s">cornell_aco000318:juz5</subfield><subfield code="s">cornell_aco000319:juz6</subfield><subfield code="e">(ERROR-880)</subfield><subfield code="s">cornell_aco000314:juz1</subfield><subfield code="s">cornell_aco000315:juz2</subfield><subfield code="s">cornell_aco000316:juz3</subfield><subfield code="s">cornell_aco000317:juz4</subfield><subfield code="s">cornell_aco000318:juz5</subfield><subfield code="s">cornell_aco000319:juz6</subfield></datafield></record>